@String{pub-AW          = "Ad{\-d}i{\-s}on-Wes{\-l}ey"}
@String{pub-AW:adr      = "Reading, MA, USA"}

@InProceedings{SemEval-2017:task3,

     author    = {Nakov, Preslav and Hoogeveen, Doris and M\`{a}rquez, Llu\'{i}s and Moschitti, Alessandro and Mubarak, Hamdy and Baldwin, Timothy and Verspoor, Karin},
     title     = {{SemEval}-2017 Task 3: Community Question Answering},
     booktitle = {Proceedings of the 11th International Workshop on Semantic Evaluation},
     series    = {SemEval '17},
     month     = {August},
     year      = {2017},
     address   = {Vancouver, Canada},
     publisher = {Association for Computational Linguistics},
   }

@book{handson2017,
  title={Hands-On Machine Learning with Scikit-Learn and TensorFlow: Concepts, Tools, and Techniques to Build Intelligent Systems},
  author={G{\'e}ron, Aurelien},
  isbn={9781491962244},
  url={https://books.google.pl/books?id=bRpYDgAAQBAJ},
  year={2017},
  publisher={O'Reilly Media}
}


% Paper z MaLSTM
@inproceedings{malstm:paper,
 author = {Mueller, Jonas and Thyagarajan, Aditya},
 title = {Siamese Recurrent Architectures for Learning Sentence Similarity},
 booktitle = {Proceedings of the Thirtieth AAAI Conference on Artificial Intelligence},
 series = {AAAI'16},
 year = {2016},
 location = {Phoenix, Arizona},
 pages = {2786--2792},
 numpages = {7},
 url = {http://dl.acm.org/citation.cfm?id=3016100.3016291},
 acmid = {3016291},
 publisher = {AAAI Press},
}

% Artyku≈Ç z MaLSTM
@MISC{malstm:medium,
   author =       {Elior Cohen},
   title =        {How to predict Quora Question Pairs using Siamese Manhattan LSTM},
   editor =       {Medium.com},
   month =        {June},
   year =         {2017},
   url = {https://medium.com/mlreview/implementing-malstm-on-kaggles-quora-question-pairs-competition-8b31b0b16a07},
   note =         {[Online; posted 7-June-2017]},
 }
 
% Keras
 @misc{keras,
  title={Keras},
  author={Chollet, Fran\c{c}ois and others},
  year={2015},
  publisher={GitHub},
  howpublished={\url{https://github.com/keras-team/keras}},
}

@misc{tensorflow2015-whitepaper,
title={ {TensorFlow}: Large-Scale Machine Learning on Heterogeneous Systems},
url={https://www.tensorflow.org/},
note={Software available from tensorflow.org},
author={
    Mart\'{\i}n~Abadi and
    Ashish~Agarwal and
    Paul~Barham and
    Eugene~Brevdo and
    Zhifeng~Chen and
    Craig~Citro and
    Greg~S.~Corrado and
    Andy~Davis and
    Jeffrey~Dean and
    Matthieu~Devin and
    Sanjay~Ghemawat and
    Ian~Goodfellow and
    Andrew~Harp and
    Geoffrey~Irving and
    Michael~Isard and
    Yangqing Jia and
    Rafal~Jozefowicz and
    Lukasz~Kaiser and
    Manjunath~Kudlur and
    Josh~Levenberg and
    Dan~Man\'{e} and
    Rajat~Monga and
    Sherry~Moore and
    Derek~Murray and
    Chris~Olah and
    Mike~Schuster and
    Jonathon~Shlens and
    Benoit~Steiner and
    Ilya~Sutskever and
    Kunal~Talwar and
    Paul~Tucker and
    Vincent~Vanhoucke and
    Vijay~Vasudevan and
    Fernanda~Vi\'{e}gas and
    Oriol~Vinyals and
    Pete~Warden and
    Martin~Wattenberg and
    Martin~Wicke and
    Yuan~Yu and
    Xiaoqiang~Zheng},
  year={2015},
}

@inproceedings{nltk,
 author = {Loper, Edward and Bird, Steven},
 title = {NLTK: The Natural Language Toolkit},
 booktitle = {Proceedings of the ACL-02 Workshop on Effective Tools and Methodologies for Teaching Natural Language Processing and Computational Linguistics - Volume 1},
 series = {ETMTNLP '02},
 year = {2002},
 location = {Philadelphia, Pennsylvania},
 pages = {63--70},
 numpages = {8},
 url = {https://doi.org/10.3115/1118108.1118117},
 doi = {10.3115/1118108.1118117},
 acmid = {1118117},
 publisher = {Association for Computational Linguistics},
 address = {Stroudsburg, PA, USA},
}

@inproceedings{rehurek_lrec,
      title = {{Software Framework for Topic Modelling with Large Corpora}},
      author = {Radim {\v R}eh{\r u}{\v r}ek and Petr Sojka},
      booktitle = {{Proceedings of the LREC 2010 Workshop on New
           Challenges for NLP Frameworks}},
      pages = {45--50},
      year = 2010,
      month = May,
      day = 22,
      publisher = {ELRA},
      address = {Valletta, Malta},
      note={\url{http://is.muni.cz/publication/884893/en}},
      language={English}
}